@misc{systemy_kontroli_pogody,
	Title 			= {Systemy kontroli pogody do roku 2025},
	
	howpublished	= {\url{http://www.prisonplanet.pl/trend_trak/systemy_kontroli_pogody_do,p541840428}},
	Owner			= {prisonplanet.pl},
	Timestamp		= {2015.12.20}
}

@Book{matematyka_poradnik,
author = {Bronsztejn, I. N. and Siemiendiajew, K. A.},
title = {Matematyka Poradnik encyklopedyczny},
publisher = {Wydawnictwo PWN},
year = {1973},
address = {Warszawa},
langid = {polish}
}

@misc{obliczanie_opadu_sredniego,
	Title 			= {Wyznaczenie średniego opadu obszarowego dla zlewni},
	howpublished	= {\url{http://holmes.iigw.pl/~mbodzion/dydaktyka/hydrologia_zao/pliki/rozklad_opadu.pdf}},
	Author			= {Bodzion, M.},
	Timestamp		= {2015.12.21}
}

@misc{opad_metody,
	Title 			= {Metody obliczania obszarowej wysokości padów},
	howpublished	= {\url{http://www.ujk.edu.pl/zhig/hio/cw11_met_obl_obsz_wys_opadow.pdf}},
	Author			= {Zakład Hydrologii i Geoinformacji, Instytut Geografii UJK},
	Timestamp		= {2015.12.21}
}

@misc{pogodynka_prawo,
	Title 			= {Zasady użytkowania serwisu internetowego {IMGW PIB}},
	howpublished	= {\url{http://www.pogodybka,pl/prawo}},
	Author			= {IMGW},
	Timestamp		= {2015.12.23}
}

@misc{pogodynka_pl,
	Title 			= {Serwis pogodowy {IMGW-PIB}},
	howpublished	= {\url{http://monitor.pogodynka.pl/}},
	Author			= {IMGW},
	Timestamp		= {2015.12.15}
}

@misc{matlab,
	Title 			= {Dokumentacja {MatLab}},
	howpublished	= {\url{http://http://www.mathworks.com/help/matlab/index.html}},
	Author			= {{The MathWorks Inc.}},
	Timestamp		= {2015.12.15}
}

@misc{delaunayTriangulation,
	Title 			= {Klasa delaunayTriangulation},
	howpublished	= {\url{http://www.mathworks.com/help/matlab/ref/delaunaytriangulation-class.html}},
	Author			= {{The MathWorks, Inc.}},
	Timestamp		= {2015.12.15}
}

@misc{powodz,
	Title 			= {Powódź 2010},
	howpublished	= {\url{http://home.agh.edu.pl/~zbrudnic/rok2010/powodz/index.html}},
	Author			= {Rudnicki, Z.},
	Timestamp		= {2015.12.15}
}

@Article{mathMonthly,
author = {Moritz, R. E.},
title = {On the Generalization of a Theorem in Solid Geometry},
journal = {The American Mathematical Monthly},
year = {1908},
volume = {15},
number = {5},
pages = {95--99}
}

@misc{imgw,
	Title 			= {O działalności polskiej meteorologii i hydrologii},
	howpublished	= {\url{http://www.imgw.pl/index.php?option=com_content&view=article&id=58&Itemid=18}},
	Author			= {{IMGW}},
	Timestamp		= {2016.01.04}
}


