% This file was created with JabRef 2.10.
% Encoding: Cp1250


@misc{Wwwsales,
	Title                   = {Użytkowników smartfonów będzie czterokrotnie więcej},
	Author                  = {Paweł Kusiciel},
	Year                    = {2011},

	howpublished                     = {\url{http://di.com.pl/news/38010,0,U%C5%BCytkownik%C3%B3w_smartfon%C3%B3w_jest_czterokrotnie_wi%C4%99cej.html}},
	Owner                   = {Chris},
	Timestamp               = {2014.12.14},
  
}

@misc{Motiondet,
	Title					= {An Improved Moving Object Detection Algorithm Based on Frame Difference and Edge Detection},
	Author					= {DUAN Xiaohui},
	Year					= {2007},
	howpublished			= {\url{http://ieeexplore.ieee.org/xpls/abs_all.jsp?arnumber=4297140}}
	
}
	
@misc{Pwn,
	Title					= {Biblioteka PWN},
	Author					= { - },
	howpublished			= {\url{http://encyklopedia.pwn.pl/}}
}

@misc{Androiddocs,
	Title					= {Android SDK Reference},
	Author 					= { - },
	howpublished			= {\url{http://developer.android.com/reference/}}
}

@misc{Opencv,
	Title					= {OpenCV - Open source Computer Vision},
	Author 					= { - },
	howpublished			= {\url{http://opencv.org/}}
}

@misc{Tomcat,
	Title					= {Apache Tomcat},
	Author 					= {The Apache Software Foundation},
	howpublished			= {\url{http://tomcat.apache.org/}}
}

@misc{Rest,
	Title					= {Representational State Transfer (REST)},
	Author 					= { - },
	howpublished			= {\url{http://www.ics.uci.edu/~fielding/pubs/dissertation/rest_arch_style.htm}}
}

@misc{Jersey,
	Title					= {Jersey - RESTful Web Services in Java.},
	Author 					= { - },
	howpublished			= {\url{https://jersey.java.net/}}
}

@misc{Json,
	Title					= {JSON},
	Author 					= { - },
	howpublished			= {\url{http://www.json.org/}}
}

@misc{Mysql,
	Title					= {MySQL},
	Author					= {Oracle},
	howpublished			= {\url{http://www.mysql.com/}}
}

@misc{Hibernate,
	Title 					= {Hibernate},
	Author					= { - },
	howpublished			= {\url{http://hibernate.org/}}
}
	
@misc{Apachelicense,
	Title 					= {Apache License 2.0},
	Author					= {The Apache Software Foundation},
	howpublished			= {\url{http://www.apache.org/licenses/LICENSE-2.0}}
}
	
@misc{Retrofit,
	Title 					= {Retrofit},
	Author					= {Jake Wharton},
	howpublished			= {\url{http://square.github.io/retrofit/}}
}

@misc{Butterknife,
	Title 					= {ButterKnife},
	Author					= {Jake Wharton},
	howpublished			= {\url{http://jakewharton.github.io/butterknife/}}
}

@misc{Gson,
	Title 					= {GSON},
	Author					= {Google},
	howpublished			= {\url{https://code.google.com/p/google-gson/}}
}